<record><leader>00000cas a2200000 a 4500</leader><controlfield tag="001">12378536</controlfield><controlfield tag="008">850813d18841885ksuwr ne      0    0eng d</controlfield><datafield ind1=" " ind2=" " tag="010"><subfield code="a">sn 85031770 </subfield></datafield><datafield ind1=" " ind2=" " tag="040"><subfield code="a">KSH</subfield><subfield code="b">eng</subfield><subfield code="c">KSH</subfield><subfield code="d">NPT</subfield><subfield code="d">OCL</subfield><subfield code="d">OCLCQ</subfield></datafield><datafield ind1=" " ind2=" " tag="042"><subfield code="a">msc</subfield></datafield><datafield ind1="0" ind2="4" tag="245"><subfield code="a">The Chase dispatch.</subfield></datafield><datafield ind1=" " ind2=" " tag="260"><subfield code="a">Chase, Kan. :</subfield><subfield code="b">[s.n.]</subfield></datafield><datafield ind1=" " ind2=" " tag="300"><subfield code="a">v. ;</subfield><subfield code="c">59 cm.</subfield></datafield><datafield ind1=" " ind2=" " tag="310"><subfield code="a">Weekly</subfield></datafield><datafield ind1="1" ind2=" " tag="362"><subfield code="a">Began in 1884; ceased in 1885?</subfield></datafield><datafield ind1=" " ind2=" " tag="500"><subfield code="a">Published by: W.J. Armour, Sept. 26, 1884-Aug. 28, 1885; Armour Bros., Sept. 4, 1885-</subfield></datafield><datafield ind1=" " ind2=" " tag="588"><subfield code="a">Description based on: Vol. 1, no. 4 (June 14, 1884).</subfield></datafield><datafield ind1=" " ind2=" " tag="752"><subfield code="a">United States</subfield><subfield code="b">Kansas</subfield><subfield code="c">Rice</subfield><subfield code="d">Chase.</subfield></datafield></record>